% ------------------------------------------------------------------------
% SAMPLE BIBLIOGRAPHY FILE
% ------------------------------------------------------------------------
@inproceedings{macqueen1967some,
	title={Some methods for classification and analysis of multivariate observations},
	author={MacQueen, James and others},
	booktitle={Proceedings of the fifth Berkeley symposium on mathematical statistics and probability},
	volume={1},
	number={14},
	pages={281--297},
	year={1967},
	organization={Oakland, CA, USA.}
}
@article{drivedataset,
	title={Ridge-based vessel segmentation in color images of the retina},
	author={Staal, Joes and Abr{\`a}moff, Michael D and Niemeijer, Meindert and Viergever, Max A and van Ginneken, Bram},
	journal={Medical Imaging, IEEE Transactions on},
	volume={23},
	number={4},
	pages={501--509},
	year={2004},
	publisher={IEEE}
}

@article{lloydsalgo,
	title={An efficient k-means clustering algorithm: Analysis and implementation},
	author={Kanungo, Tapas and Mount, David M and Netanyahu, Nathan S and Piatko, Christine D and Silverman, Ruth and Wu, Angela Y},
	journal={Pattern Analysis and Machine Intelligence, IEEE Transactions on},
	volume={24},
	number={7},
	pages={881--892},
	year={2002},
	publisher={IEEE}
}

@inproceedings{mairal2009supervised,
	title={Supervised dictionary learning},
	author={Mairal, Julien and Ponce, Jean and Sapiro, Guillermo and Zisserman, Andrew and Bach, Francis R},
	booktitle={Advances in neural information processing systems},
	pages={1033--1040},
	year={2009}
}

@inproceedings{huang2006sparse,
	title={Sparse representation for signal classification},
	author={Huang, Ke and Aviyente, Selin},
	booktitle={Advances in neural information processing systems},
	pages={609--616},
	year={2006}
}

@article{lewicki2000learning,
	title={Learning overcomplete representations},
	author={Lewicki, Michael and Sejnowski, Terrence},
	journal={Neural computation},
	volume={12},
	number={2},
	pages={337--365},
	year={2000},
	publisher={MIT Press}
}
@article{donoho2006compressed,
	title={Compressed sensing},
	author={Donoho, David L},
	journal={Information Theory, IEEE Transactions on},
	volume={52},
	number={4},
	pages={1289--1306},
	year={2006},
	publisher={IEEE}
}
@inproceedings{lee2006efficient,
	title={Efficient sparse coding algorithms},
	author={Lee, Honglak and Battle, Alexis and Raina, Rajat and Ng, Andrew Y},
	booktitle={Advances in neural information processing systems},
	pages={801--808},
	year={2006}
}

@inproceedings{mairal2009online,
	title={Online dictionary learning for sparse coding},
	author={Mairal, Julien and Bach, Francis and Ponce, Jean and Sapiro, Guillermo},
	booktitle={Proceedings of the 26th Annual International Conference on Machine Learning},
	pages={689--696},
	year={2009},
	organization={ACM}
}

@article{tropp2007signal,
	title={Signal recovery from random measurements via orthogonal matching pursuit},
	author={Tropp, Joel A and Gilbert, Anna C},
	journal={Information Theory, IEEE Transactions on},
	volume={53},
	number={12},
	pages={4655--4666},
	year={2007},
	publisher={IEEE}
}
@inproceedings{pati1993orthogonal,
	title={Orthogonal matching pursuit: Recursive function approximation with applications to wavelet decomposition},
	author={Pati, Yagyensh Chandra and Rezaiifar, Ramin and Krishnaprasad, PS},
	booktitle={Signals, Systems and Computers, 1993. 1993 Conference Record of The Twenty-Seventh Asilomar Conference on},
	pages={40--44},
	year={1993},
	organization={IEEE}
}

@article{mairal2010online,
	title={Online learning for matrix factorization and sparse coding},
	author={Mairal, Julien and Bach, Francis and Ponce, Jean and Sapiro, Guillermo},
	journal={The Journal of Machine Learning Research},
	volume={11},
	pages={19--60},
	year={2010},
	publisher={JMLR. org}
}

@article{surveyretinal,
	title={Blood vessel segmentation methodologies in retinal images--a survey},
	author={Fraz, Muhammad Moazam and Remagnino, P and Hoppe, Andreas and Uyyanonvara, Bunyarit and Rudnicka, Alicja R and Owen, Christopher G and Barman, Sarah A},
	journal={Computer methods and programs in biomedicine},
	volume={108},
	number={1},
	pages={407--433},
	year={2012},
	publisher={Elsevier}
}
@inproceedings{trackingchutatape1998retinal,
	title={Retinal blood vessel detection and tracking by matched Gaussian and Kalman filters},
	author={Chutatape, O and Zheng, Liu and Krishnan, SM},
	booktitle={Engineering in Medicine and Biology Society, 1998. Proceedings of the 20th Annual International Conference of the IEEE},
	volume={6},
	pages={3144--3149},
	year={1998},
	organization={IEEE}
}
@article{trackingtolias1998fuzzy,
	title={A fuzzy vessel tracking algorithm for retinal images based on fuzzy clustering},
	author={Tolias, Yannis A and Panas, Stavros M},
	journal={Medical Imaging, IEEE Transactions on},
	volume={17},
	number={2},
	pages={263--273},
	year={1998},
	publisher={IEEE}
}
@article{vlachos2010multi,
	title={Multi-scale retinal vessel segmentation using line tracking},
	author={Vlachos, Marios and Dermatas, Evangelos},
	journal={Computerized Medical Imaging and Graphics},
	volume={34},
	number={3},
	pages={213--227},
	year={2010},
	publisher={Elsevier}
}
@article{farnell2008enhancement,
	title={Enhancement of blood vessels in digital fundus photographs via the application of multiscale line operators},
	author={Farnell, Damian JJ and Hatfield, FN and Knox, P and Reakes, M and Spencer, S and Parry, D and Harding, SP},
	journal={Journal of the Franklin institute},
	volume={345},
	number={7},
	pages={748--765},
	year={2008},
	publisher={Elsevier}
}
@article{ricci2007retinal,
	title={Retinal blood vessel segmentation using line operators and support vector classification},
	author={Ricci, Elisa and Perfetti, Renzo},
	journal={Medical Imaging, IEEE Transactions on},
	volume={26},
	number={10},
	pages={1357--1365},
	year={2007},
	publisher={IEEE}
}
@article{staal2004ridge,
	title={Ridge-based vessel segmentation in color images of the retina},
	author={Staal, Joes and Abr{\`a}moff, Michael D and Niemeijer, Meindert and Viergever, Max A and van Ginneken, Bram},
	journal={Medical Imaging, IEEE Transactions on},
	volume={23},
	number={4},
	pages={501--509},
	year={2004},
	publisher={IEEE}
}

@article{nekovei1995back,
	title={Back-propagation network and its configuration for blood vessel detection in angiograms},
	author={Nekovei, Reza and Sun, Ying},
	journal={Neural Networks, IEEE Transactions on},
	volume={6},
	number={1},
	pages={64--72},
	year={1995},
	publisher={IEEE}
}
@article{gardner1996automatic,
	title={Automatic detection of diabetic retinopathy using an artificial neural network: a screening tool.},
	author={Gardner, GG and Keating, D and Williamson, TH and Elliott, AT},
	journal={British journal of Ophthalmology},
	volume={80},
	number={11},
	pages={940--944},
	year={1996},
	publisher={BMJ Publishing Group Ltd.}
}

@incollection{vega2013blood,
	title={Blood vessel segmentation in retinal images using lattice neural networks},
	author={Vega, Roberto and Guevara, Elizabeth and Falcon, Luis Eduardo and Sanchez-Ante, Gildardo and Sossa, Humberto},
	booktitle={Advances in Artificial Intelligence and Its Applications},
	pages={532--544},
	year={2013},
	publisher={Springer}
}

@article{manojneural,
	title={Neural Network Based Classifier for Retinal Blood Vessel Segmentation},
	author={Manoj, S and Muralidharan, PM}
}
@incollection{nguyen2011effective,
	title={An effective supervised framework for retinal blood vessel segmentation using local standardisation and bagging},
	author={Nguyen, Uyen TV and Bhuiyan, Alauddin and Ramamohanarao, Kotagiri and Park, Laurence AF},
	booktitle={Machine Learning in Medical Imaging},
	pages={117--125},
	year={2011},
	publisher={Springer}
}
@inproceedings{dollar2013structured,
	title={Structured forests for fast edge detection},
	author={Doll{\'a}r, Piotr and Zitnick, C Lawrence},
	booktitle={Computer Vision (ICCV), 2013 IEEE International Conference on},
	pages={1841--1848},
	year={2013},
	organization={IEEE}
}
@incollection{rigamonti2012accurate,
	title={Accurate and efficient linear structure segmentation by leveraging ad hoc features with learned filters},
	author={Rigamonti, Roberto and Lepetit, Vincent},
	booktitle={Medical Image Computing and Computer-Assisted Intervention--MICCAI 2012},
	pages={189--197},
	year={2012},
	publisher={Springer}
}
@article{ganin2014n,
	title={N4-Fields: Neural Network Nearest Neighbor Fields for Image Transforms},
	author={Ganin, Yaroslav and Lempitsky, Victor},
	journal={arXiv preprint arXiv:1406.6558},
	year={2014}
}
@incollection{monteiro2006performance,
	title={Performance evaluation of image segmentation},
	author={Monteiro, Fernando C and Campilho, Aur{\'e}lio C},
	booktitle={Image Analysis and Recognition},
	pages={248--259},
	year={2006},
	publisher={Springer}
}
@article{sharma2001performance,
	title={Performance evaluation of image segmentation and texture extraction methods in scene analysis},
	author={Sharma, Mona},
	year={2001}
}
@article{doi2007computer,
	title={Computer-aided diagnosis in medical imaging: historical review, current status and future potential},
	author={Doi, Kunio},
	journal={Computerized medical imaging and graphics},
	volume={31},
	number={4},
	pages={198--211},
	year={2007},
	publisher={Elsevier}
}
@article{sinthanayothin2002automated,
	title={Automated detection of diabetic retinopathy on digital fundus images},
	author={Sinthanayothin, Chanjira and Boyce, JF and Williamson, TH and Cook, HL and Mensah, E and Lal, S and Usher, D},
	journal={Diabetic medicine},
	volume={19},
	number={2},
	pages={105--112},
	year={2002},
	publisher={Wiley Online Library}
}

@article{calvo2011automatic,
	title={Automatic detection and characterisation of retinal vessel tree bifurcations and crossovers in eye fundus images},
	author={Calvo, David and Ortega, Marcos and Penedo, Manuel G and Rouco, Jose},
	journal={Computer methods and programs in biomedicine},
	volume={103},
	number={1},
	pages={28--38},
	year={2011},
	publisher={Elsevier}
}
@article{nguyen2013effective,
	title={An effective retinal blood vessel segmentation method using multi-scale line detection},
	author={Nguyen, Uyen TV and Bhuiyan, Alauddin and Park, Laurence AF and Ramamohanarao, Kotagiri},
	journal={Pattern recognition},
	volume={46},
	number={3},
	pages={703--715},
	year={2013},
	publisher={Elsevier}
}
%-----------------------------------------------------
